@online{pinball,
    author = "Cinematronics, LLC",
    title = "Full Tilt! Pinball",
    url  = "https://cdn.alfabetajuega.com/wp-content/uploads/2019/11/Space-Cadet-demo-780x405.png",
    keywords = "pinball"
}
@online{snake,
    author = "Gremlin",
    title = "Snake",
    url  = "http://agenciasanluis.com/wp-content/uploads/2015/05/SNAKE-VIEJO-1-630x420.jpg",
    keywords = "snake"
}
@online{flappy_bird,
    author = "Dong Nguyen",
    title = "Flappy Bird",
    url  = "https://lh3.googleusercontent.com/qgotsceXqd0uMmfMjRNgm09jxGkIgAmCcwwe8uFCNb_-9xi3uei8iEcwcaFB8uBKnratsMU7wgSyGBkB8V5vJkSbrQ=w640-h400-e365-rj-sc0x00ffffff",
    keywords = "Flappy bird"
}
@online{street_fighter,
    author = "Capcom",
    title = "Street Fighter II: The World Warrior",
    url  = "https://cdn.computerhoy.com/sites/navi.axelspringer.es/public/styles/1200/public/media/image/2021/02/street-fighter-ii-cumplen-30-anos-juego-lucha-influyente-historia-2224677.jpg?itok=ehpVe4YF",
    keywords = "Street fighter"
}
@online{hill_climb_racing,
    author = "Fingersoft",
    title = "Hill Climb Racing",
    url  = "https://img.utdstc.com/screen/13/hill-climb-racing-008.jpg",
    keywords = "Hill Climb Racing"
}